<?xml version="1.0" encoding="UTF-8"?><collection xmlns="http://www.loc.gov/MARC21/slim"><record><leader>00422nam--2200145-i-4500</leader><controlfield tag="001">000019257</controlfield><controlfield tag="002">20161230</controlfield><controlfield tag="005">20161230201033</controlfield><controlfield tag="008">060222s1000------------r-----000-0-eng-d</controlfield><datafield ind1=" " ind2=" " tag="080"><subfield code="a">669.018</subfield></datafield><datafield ind1=" " ind2=" " tag="100"><subfield code="a">Elo, Ismo</subfield></datafield><datafield ind1=" " ind2=" " tag="245"><subfield code="a">On the isothermal ordering of hypereutectoid beta copper-aluminiu alloys</subfield></datafield><datafield ind1=" " ind2=" " tag="260"><subfield code="a">Turku,Turun Yliopisto. 1969. 13 P</subfield></datafield><datafield ind1=" " ind2=" " tag="490"><subfield code="a">Annales Universitatis Turkuensis, Seria A.-129</subfield></datafield><datafield ind1=" " ind2=" " tag="852"><subfield code="a">6366</subfield></datafield></record></collection>